
@misc{noauthor_major_2022,
	title = {Major {League} {Baseball} {Minimum} {Wage} {\textbar} {Baseball} {Almanac}},
	url = {https://www.baseball-almanac.com/charts/salary/major_league_salaries.shtml},
	abstract = {Major League Baseball minimum wage and salary data, research by Baseball Almanac.},
	language = {en-us},
	urldate = {2023-03-22},
	publisher = {Baseball Almanac Inc.},
	year = {2022},
}
